<record><leader>00000cas a22000007a 4500</leader><controlfield tag="001">15569909</controlfield><controlfield tag="008">870422d1891189unmuwr ne      0    0eng c</controlfield><datafield ind1=" " ind2=" " tag="010"><subfield code="a">sn 87067097 </subfield></datafield><datafield ind1=" " ind2=" " tag="040"><subfield code="a">NNX</subfield><subfield code="b">eng</subfield><subfield code="c">NNX</subfield><subfield code="d">NJW</subfield><subfield code="d">NVM</subfield><subfield code="d">OCLCQ</subfield><subfield code="d">DLC</subfield><subfield code="d">OCLCQ</subfield><subfield code="d">OCLCF</subfield><subfield code="d">OCLCO</subfield></datafield><datafield ind1="1" ind2=" " tag="029"><subfield code="a">AU@</subfield><subfield code="b">000025791720</subfield></datafield><datafield ind1=" " ind2=" " tag="042"><subfield code="a">pcc</subfield></datafield><datafield ind1=" " ind2=" " tag="043"><subfield code="a">n-us-nm</subfield></datafield><datafield ind1="0" ind2="0" tag="050"><subfield code="a">Newspaper</subfield></datafield><datafield ind1="0" ind2="0" tag="245"><subfield code="a">Santa Fe weekly sun.</subfield></datafield><datafield ind1=" " ind2=" " tag="260"><subfield code="a">Santa Fe, N.M. :</subfield><subfield code="b">J.H. Crist</subfield></datafield><datafield ind1=" " ind2=" " tag="300"><subfield code="a">v.</subfield></datafield><datafield ind1=" " ind2=" " tag="310"><subfield code="a">Weekly</subfield></datafield><datafield ind1="0" ind2=" " tag="362"><subfield code="a">Vol. 2, no. 10 (Mar. 7, 1891)-</subfield></datafield><datafield ind1="1" ind2=" " tag="362"><subfield code="a">Ceased in 1894?</subfield><subfield code="z">Cf. Grove, Pearce S. /New Mexico newspapers.</subfield></datafield><datafield ind1=" " ind2=" " tag="500"><subfield code="a">Microfilm issued by BMI Imaging Systems; issued in series: Chicano serials collection.</subfield></datafield><datafield ind1=" " ind2=" " tag="500"><subfield code="a">Filmed with other titles.</subfield></datafield><datafield ind1=" " ind2=" " tag="588"><subfield code="a">Latest issue consulted: Vol. 4, no. 29 (June 17, 1893).</subfield></datafield><datafield ind1=" " ind2="0" tag="651"><subfield code="a">Santa Fe (N.M.)</subfield><subfield code="v">Newspapers.</subfield></datafield><datafield ind1=" " ind2="0" tag="651"><subfield code="a">Santa Fe County (N.M.)</subfield><subfield code="v">Newspapers.</subfield></datafield><datafield ind1=" " ind2="7" tag="655"><subfield code="a">Newspapers.</subfield><subfield code="2">fast</subfield><subfield code="0">(OCoLC)fst01423814</subfield></datafield><datafield ind1=" " ind2="7" tag="651"><subfield code="a">New Mexico</subfield><subfield code="z">Santa Fe.</subfield><subfield code="2">fast</subfield><subfield code="0">(OCoLC)fst01205208</subfield></datafield><datafield ind1=" " ind2="7" tag="651"><subfield code="a">New Mexico</subfield><subfield code="z">Santa Fe County.</subfield><subfield code="2">fast</subfield><subfield code="0">(OCoLC)fst01216898</subfield></datafield><datafield ind1=" " ind2=" " tag="752"><subfield code="a">United States</subfield><subfield code="b">New Mexico</subfield><subfield code="c">Santa Fe</subfield><subfield code="d">Santa Fe.</subfield></datafield><datafield ind1="0" ind2="0" tag="780"><subfield code="t">Santa Fe daily sun</subfield><subfield code="w">(DLC)sn 93061463</subfield></datafield><datafield ind1=" " ind2="0" tag="830"><subfield code="a">Chicano serials collection.</subfield></datafield></record>